@techreport{rfc4291,
    AUTHOR = "R. Hinden and S. Deering",
    TITLE = "{IP Version 6 Addressing Architecture}",
    HOWPUBLISHED = {Internet Requests for Comments},
    TYPE="{RFC}",
    NUMBER=4291,
    PAGES = {8},
    YEAR = {2006},
    MONTH = {2},
    ISSN = {2070-1721},
    PUBLISHER = "{Internet Engineering Task Force (IETF)}",
    INSTITUTION = "{Internet Engineering Task Force (IETF)}",
    URL={https://tools.ietf.org/html/rfc4291}
}
@article{md5,
    AUTHOR = "Xiaoyun Wang and Hongbo Yu",
    TITLE = "{How to Break MD5 and Other Hash Functions}",
    PAGES = {19-35},
    YEAR = {2005},
    ISBN = {978-3-540-32055-5},
    PUBLISHER = "{Springer Berlin Heidelberg}",
    URL={http://www.infosec.sdu.edu.cn/uploadfile/papers/How%20to%20Break%20MD5%20and%20Other%20Hash%20Functions.pdf}
}
@misc{ciscocracker,
    AUTHOR = "ifm Network Experts",
    TITLE = "{Cisco Password Cracker}",
    URL={http://www.ifm.net.nz/cookbooks/passwordcracker.html}
}
@misc{ipv4alloc,
    AUTHOR = "IANA",
    TITLE = "{IANA IPv4 Address Space Registry}",
    URL={https://www.iana.org/assignments/ipv4-address-space/ipv4-address-space.xml}
}
@misc{internetmap,
    AUTHOR = "Randall Munroe",
    TITLE = "{Map of the Internet}",
    URL={https://xkcd.com/195/}
}